<?xml version="1.0" encoding="UTF-8"?><record xmlns="http://www.loc.gov/MARC21/slim" xmlns:cinclude="http://apache.org/cocoon/include/1.0" xmlns:zs="http://www.loc.gov/zing/srw/">
  <leader>00417cz  a2200133n  4500</leader>
  <controlfield tag="001">n  84221751 </controlfield>
  <controlfield tag="003">DLC</controlfield>
  <controlfield tag="005">20080616075930.0</controlfield>
  <controlfield tag="008">850204n| acannaabn          |n aaa      </controlfield>
  <datafield tag="010" ind1=" " ind2=" ">
    <subfield code="a">n  84221751 </subfield>
  </datafield>
  <datafield tag="035" ind1=" " ind2=" ">
    <subfield code="a">(OCoLC)oca01272516</subfield>
  </datafield>
  <datafield tag="040" ind1=" " ind2=" ">
    <subfield code="a">DLC</subfield>
    <subfield code="b">eng</subfield>
    <subfield code="c">DLC</subfield>
    <subfield code="d">DLC</subfield>
    <subfield code="d">OCoLC</subfield>
  </datafield>
  <datafield tag="100" ind1="1" ind2=" ">
    <subfield code="a">Lambert, Andrew</subfield>
  </datafield>
  <datafield tag="670" ind1=" " ind2=" ">
    <subfield code="a">nuc88-2626: His Physics for first examinations, 1985</subfield>
    <subfield code="b">(hdg. on WaU rept.: Lambert, Andrew; usage: Andrew Lambert)</subfield>
  </datafield>
</record>